% Encoding: UTF-8

@Article{He2016identity,
  author    = {Kaiming He and Xiangyu Zhang and Shaoqing Ren and Jian Sun},
  title     = {Identity Mappings in Deep Residual Networks},
  journal   = {CoRR},
  year      = {2016},
  volume    = {abs/1603.05027},
  bibsource = {dblp computer science bibliography, http://dblp.org},
  biburl    = {http://dblp.uni-trier.de/rec/bib/journals/corr/HeZR016},
  timestamp = {Sat, 02 Apr 2016 11:49:48 +0200},
}

@InProceedings{Manning2014corenlp,
  author    = {Manning, Christopher D. and Surdeanu, Mihai and Bauer, John and Finkel, Jenny and Bethard, Steven J. and McClosky, David},
  title     = {The {Stanford} {CoreNLP} Natural Language Processing Toolkit},
  booktitle = {Association for Computational Linguistics (ACL) System Demonstrations},
  year      = {2014},
  pages     = {55--60},
  url       = {http://www.aclweb.org/anthology/P/P14/P14-5010},
}

@InProceedings{Pennington2014glove,
  author    = {Jeffrey Pennington and Richard Socher and Christopher D. Manning},
  title     = {GloVe: Global Vectors for Word Representation},
  booktitle = {Empirical Methods in Natural Language Processing (EMNLP)},
  year      = {2014},
  pages     = {1532--1543},
  url       = {http://www.aclweb.org/anthology/D14-1162},
}

@Article{Zaremba2014rnndropout,
  author    = {Wojciech Zaremba and Ilya Sutskever and Oriol Vinyals},
  title     = {Recurrent Neural Network Regularization},
  journal   = {CoRR},
  year      = {2014},
  volume    = {abs/1409.2329},
  bibsource = {dblp computer science bibliography, http://dblp.org},
  biburl    = {http://dblp.uni-trier.de/rec/bib/journals/corr/ZarembaSV14},
  timestamp = {Wed, 07 Jun 2017 14:41:43 +0200},
  url       = {http://arxiv.org/abs/1409.2329},
}

@Comment{jabref-meta: databaseType:bibtex;}
